@inproceedings{sadiq2004data,
  title={Data flow and validation in workflow modelling},
  author={Sadiq, Shazia and Orlowska, Maria and Sadiq, Wasim and Foulger, Cameron},
  booktitle={Proceedings of the 15th Australasian database conference-Volume 27},
  pages={207--214},
  year={2004},
  organization={Australian Computer Society, Inc.}
}
@inproceedings{richters1998formalizing,
  title={On formalizing the UML object constraint language OCL},
  author={Richters, Mark and Gogolla, Martin},
  booktitle={International Conference on Conceptual Modeling},
  pages={449--464},
  year={1998},
  organization={Springer}
}
@inproceedings{tomaszuk2017rdf,
  title={RDF Validation: A Brief Survey},
  author={Tomaszuk, Dominik},
  booktitle={International Conference: Beyond Databases, Architectures and Structures},
  pages={344--355},
  year={2017},
  organization={Springer}
}
@misc{knublauchshapes,
  title={Shapes constraint language (SHACL). W3C recommendation, W3C, July 2017},
  author={Knublauch, Holger and Kontokostas, Dimitris}
}
@inproceedings{vaziri2000some,
  title={Some shortcomings of OCL, the object constraint language of UML},
  author={Vaziri, Mandana and Jackson, Daniel},
  booktitle={tools},
  pages={555},
  year={2000},
  organization={IEEE}
}
@misc{knublauch2014spin,
  title={SPIN-Modeling Vocabulary. W3C Member Submission},
  author={Knublauch, H},
  year={2014}
}
@misc{shex112018,
  title={Shape Expressions Language 2.1. Draft Community Group Report},
  author={Eric Prud'hommeaux, Iovka Boneva et.al.},
  year={2018}
}
@misc{ocl24,
  title={Object Constraint Language, v2.4},
  author={OMG - Object Management Group},
  year={2014}
}
@article{cormantowards,
  title={Towards a Robust Semantics for SHACL: Preliminary Discussion},
  author={Corman, Julien and Reutter, Juan L and Savkovi{\'c}, Ognjen}
}
@article{boneva2014validating,
  title={Validating RDF with shape expressions},
  author={Boneva, Iovka and Gayo, J Emilio Labra and Hym et.al.},
  journal={CoRR, abs/1404.1270},
  year={2014}
}
@inproceedings{boneva2017semantics,
  title={Semantics and validation of shapes schemas for RDF},
  author={Boneva, Iovka and Gayo, Jose E Labra and Prudâ€™hommeaux, Eric G},
  booktitle={International Semantic Web Conference},
  pages={104--120},
  year={2017},
  organization={Springer}
}
@phdthesis{abbas2017static,
  title={Static Analysis of Semantic Web Queries with ShEx Schema Constraints},
  author={Abbas, Abdullah},
  year={2017},
  school={Universit{\'e} Grenoble-Alpes}
}
@article{boneva2016comparative,
  title={Comparative expressiveness of ShEx and SHACL (Early working draft)},
  author={Boneva, Iovka},
  year={2016}
}